@techreport{json-hal-draft,
    author="M. Kelly",
    title="{JSON} Hypertext Application Language",
    type="Internet Draft",
    institution="IETF",
    number="draft-kelly-json-hal-06",
    year="2013",
    month="October",
    URL="http://tools.ietf.org/html/draft-kelly-json-hal-06",
    note="Accessed July 16, 2014"
}
